<?xml version="1.0" encoding="UTF-8"?><record xmlns="http://www.loc.gov/MARC21/slim" xmlns:cinclude="http://apache.org/cocoon/include/1.0" xmlns:zs="http://www.loc.gov/zing/srw/">
  <leader>01125cz  a2200217n  4500</leader>
  <controlfield tag="001">n  88192672 </controlfield>
  <controlfield tag="003">DLC</controlfield>
  <controlfield tag="005">19990427090942.7</controlfield>
  <controlfield tag="008">890314n| acannaab|          |a ana |||  </controlfield>
  <datafield tag="010" ind1=" " ind2=" ">
    <subfield code="a">n  88192672 </subfield>
  </datafield>
  <datafield tag="040" ind1=" " ind2=" ">
    <subfield code="a">DLC</subfield>
    <subfield code="c">DLC</subfield>
    <subfield code="d">DLC</subfield>
  </datafield>
  <datafield tag="110" ind1="2" ind2="0">
    <subfield code="a">Milli Prodüktivite Merkezi (Turkey)</subfield>
  </datafield>
  <datafield tag="410" ind1="2" ind2="0">
    <subfield code="w">nnaa</subfield>
    <subfield code="a">Millı̂ Prodüktivite Merkezi</subfield>
  </datafield>
  <datafield tag="410" ind1="1" ind2="0">
    <subfield code="a">Turkey.</subfield>
    <subfield code="b">Milli Prodüktivite Merkezi</subfield>
  </datafield>
  <datafield tag="410" ind1="2" ind2="0">
    <subfield code="a">MPM</subfield>
  </datafield>
  <datafield tag="410" ind1="2" ind2=" ">
    <subfield code="a">National Productivity Centre of Turkey</subfield>
  </datafield>
  <datafield tag="410" ind1="2" ind2=" ">
    <subfield code="a">National Productivity Centre (Turkey)</subfield>
  </datafield>
  <datafield tag="670" ind1=" " ind2=" ">
    <subfield code="a">Ergün, N. Tarım ürünlerinde üretim-ihracat ilişkileri, 1987:</subfield>
    <subfield code="b">t.p. (Milli Prodüktivite Merkezi; MPM)</subfield>
  </datafield>
  <datafield tag="670" ind1=" " ind2=" ">
    <subfield code="a">LC data base, 3-10-89</subfield>
    <subfield code="b">(hdg.: Millı̂ Prodüktivite Merkezi; usage: Millı̂ Prodüktivite Merkezi, Milli Prodüktivite Merkezi)</subfield>
  </datafield>
  <datafield tag="670" ind1=" " ind2=" ">
    <subfield code="a">T.C. devlet teş. reh., 1986:</subfield>
    <subfield code="b">p. 589 (Milli Prodüktivite Merkezi; f. 1953; hdqtrs. Ankara; subject to audits of the High Control Board of the Prime Ministry)</subfield>
  </datafield>
  <datafield tag="670" ind1=" " ind2=" ">
    <subfield code="a">New visions and strategies for the next century, 1995:</subfield>
    <subfield code="b">t.p. verso (National Productivity Centre of Turkey) p. 4 of cover (National Productivity Centre)</subfield>
  </datafield>
</record>